<record><leader>00000cas a22000007a 4500</leader><controlfield tag="001">34486242</controlfield><controlfield tag="008">960329c19499999vauwr ne      0    0eng d</controlfield><datafield ind1=" " ind2=" " tag="010"><subfield code="a">sn 96095008 </subfield></datafield><datafield ind1=" " ind2=" " tag="040"><subfield code="a">NVK</subfield><subfield code="b">eng</subfield><subfield code="c">NVK</subfield><subfield code="d">DLC</subfield><subfield code="d">NVK</subfield><subfield code="d">DLC</subfield><subfield code="d">NVK</subfield><subfield code="d">OCLCQ</subfield><subfield code="d">NVK</subfield><subfield code="d">OCLCF</subfield><subfield code="d">OCLCO</subfield></datafield><datafield ind1=" " ind2=" " tag="019"><subfield code="a">40345237</subfield></datafield><datafield ind1="1" ind2=" " tag="029"><subfield code="a">AU@</subfield><subfield code="b">000012367451</subfield></datafield><datafield ind1=" " ind2=" " tag="042"><subfield code="a">msc</subfield></datafield><datafield ind1=" " ind2=" " tag="043"><subfield code="a">n-us-va</subfield></datafield><datafield ind1="0" ind2="0" tag="245"><subfield code="a">Rappahannock news.</subfield></datafield><datafield ind1=" " ind2=" " tag="260"><subfield code="a">Washington, Va. :</subfield><subfield code="b">L.C. Bowie,</subfield><subfield code="c">1949-</subfield></datafield><datafield ind1=" " ind2=" " tag="300"><subfield code="a">v.</subfield></datafield><datafield ind1=" " ind2=" " tag="310"><subfield code="a">Weekly</subfield></datafield><datafield ind1="0" ind2=" " tag="362"><subfield code="a">Vol. 1, no. 1 (Nov. 3, 1949) ; 28th year, no. 25 (May 5,1977)-</subfield></datafield><datafield ind1=" " ind2=" " tag="500"><subfield code="a">"Times community newspapers."</subfield></datafield><datafield ind1=" " ind2=" " tag="500"><subfield code="a">Publisher varies.</subfield></datafield><datafield ind1=" " ind2=" " tag="530"><subfield code="a">Available on microfilm from the Library of Virginia; Micro Photo; and UMI.</subfield></datafield><datafield ind1=" " ind2=" " tag="580"><subfield code="a">From Jan. 1972 until Mar. 1978, Fauquier Pub. Co. also published Piedmont Virginian.</subfield></datafield><datafield ind1=" " ind2=" " tag="580"><subfield code="a">Arthur Arundel and Peter Arundel, under various publishing companies, also published : Reston times, Vienna times, Chantilly times, Burke times, Loudoun times-mirror, Eastern Loudoun times, Fauquier democrat, Fauquier times-democrat, Centreville times, Clarke courier, Clarke times-courier, Herndon times, Providence journal and McLean times, McLean times, McLean times and Providence journal, Great Falls times, Annandale times, Gainesville times, Fairfax times, Fairfax Station times, Springfield times courier, Springfield times, Loudoun Friday times.</subfield></datafield><datafield ind1=" " ind2="0" tag="651"><subfield code="a">Washington (Va.)</subfield><subfield code="v">Newspapers.</subfield></datafield><datafield ind1=" " ind2="0" tag="651"><subfield code="a">Rappahannock County (Va.)</subfield><subfield code="v">Newspapers.</subfield></datafield><datafield ind1=" " ind2="7" tag="655"><subfield code="a">Newspapers.</subfield><subfield code="2">fast</subfield><subfield code="0">(OCoLC)fst01423814</subfield></datafield><datafield ind1=" " ind2="7" tag="651"><subfield code="a">Virginia</subfield><subfield code="z">Rappahannock County.</subfield><subfield code="2">fast</subfield><subfield code="0">(OCoLC)fst01214459</subfield></datafield><datafield ind1=" " ind2="7" tag="651"><subfield code="a">Virginia</subfield><subfield code="z">Washington.</subfield><subfield code="2">fast</subfield><subfield code="0">(OCoLC)fst01252280</subfield></datafield><datafield ind1=" " ind2=" " tag="752"><subfield code="a">United States</subfield><subfield code="b">Virginia</subfield><subfield code="c">Rappahannock</subfield><subfield code="d">Washington.</subfield></datafield><datafield ind1="1" ind2=" " tag="775"><subfield code="t">Reston times</subfield><subfield code="w">(DLC)sn 96095007</subfield></datafield><datafield ind1="1" ind2=" " tag="775"><subfield code="t">Vienna times (Vienna, Va.)</subfield><subfield code="w">(DLC)sn 98068225</subfield></datafield><datafield ind1="1" ind2=" " tag="775"><subfield code="t">Chantilly times</subfield></datafield><datafield ind1="1" ind2=" " tag="775"><subfield code="t">Burke times</subfield><subfield code="w">(DLC)sn 98068231</subfield></datafield><datafield ind1="1" ind2=" " tag="775"><subfield code="t">Loudoun times-mirror</subfield><subfield code="w">(DLC)sn 83004968</subfield></datafield><datafield ind1="1" ind2=" " tag="775"><subfield code="t">Eastern Loudoun times</subfield><subfield code="w">(DLC)sn2002061823</subfield></datafield><datafield ind1="1" ind2=" " tag="775"><subfield code="t">Fauquier democrat</subfield><subfield code="w">(DLC)sn 84024632</subfield></datafield><datafield ind1="1" ind2=" " tag="775"><subfield code="t">Fauquier times-democrat</subfield><subfield code="w">(DLC)sn 90002127</subfield></datafield><datafield ind1="1" ind2=" " tag="775"><subfield code="t">Centreville times (Centreville, Va.)</subfield><subfield code="w">(DLC)sn 98068261</subfield></datafield><datafield ind1="1" ind2=" " tag="775"><subfield code="t">Clarke courier (Berryville, Va.)</subfield><subfield code="w">(DLC)sn 85025371</subfield></datafield><datafield ind1="1" ind2=" " tag="775"><subfield code="t">Clarke times-courier</subfield><subfield code="w">(DLC)sn 97066021</subfield></datafield><datafield ind1="1" ind2=" " tag="775"><subfield code="t">Herndon times</subfield><subfield code="w">(DLC)sn 98068214</subfield></datafield><datafield ind1="1" ind2=" " tag="775"><subfield code="t">Providence journal and McLean times</subfield><subfield code="w">(DLC)sn 97066018</subfield></datafield><datafield ind1="1" ind2=" " tag="775"><subfield code="t">McLean times</subfield><subfield code="w">(DLC)sn 97066019</subfield></datafield><datafield ind1="1" ind2=" " tag="775"><subfield code="t">McLean times &amp; Providence journal</subfield><subfield code="w">(DLC)sn 98068353</subfield></datafield><datafield ind1="1" ind2=" " tag="775"><subfield code="t">Great Falls times</subfield><subfield code="w">(DLC)sn2004061584</subfield></datafield><datafield ind1="1" ind2=" " tag="775"><subfield code="t">Annandale times</subfield><subfield code="w">(DLC)sn2004061575</subfield></datafield><datafield ind1="1" ind2=" " tag="775"><subfield code="t">Gainesville times</subfield><subfield code="w">(DLC)sn2003061510</subfield></datafield><datafield ind1="1" ind2=" " tag="775"><subfield code="t">Fairfax times</subfield><subfield code="w">(DLC)sn2005061529</subfield></datafield><datafield ind1="1" ind2=" " tag="775"><subfield code="t">Fairfax Station times</subfield></datafield><datafield ind1="1" ind2=" " tag="775"><subfield code="t">Pringfield times courier</subfield><subfield code="w">(DLC)sn 98068257</subfield></datafield><datafield ind1="1" ind2=" " tag="775"><subfield code="t">Springfield times (Springfield, Va.)</subfield><subfield code="w">(DLC)sn 98068235</subfield></datafield><datafield ind1="1" ind2=" " tag="775"><subfield code="t">Piedmont Virginian (The Plains, Va.)</subfield><subfield code="w">(DLC)sn 98068220</subfield></datafield><datafield ind1="1" ind2=" " tag="775"><subfield code="t">Loudoun Friday times</subfield><subfield code="w">(DLC)sn2004061533</subfield></datafield></record>